<?xml version="1.0" encoding="UTF-8"?><collection xmlns="http://www.loc.gov/MARC21/slim"><record><leader>00380nam--2200133-i-4500</leader><controlfield tag="001">000015496</controlfield><controlfield tag="002">20161230</controlfield><controlfield tag="005">20161230201031</controlfield><controlfield tag="008">060222s1000------------r-----000-0-eng-d</controlfield><datafield ind1=" " ind2=" " tag="080"><subfield code="a">621.039.75</subfield></datafield><datafield ind1=" " ind2=" " tag="245"><subfield code="a">Chemical durability and related properties of solidified high-level-waste forms</subfield></datafield><datafield ind1=" " ind2=" " tag="260"><subfield code="a">Vienna,Iaea,1985.168p</subfield></datafield><datafield ind1=" " ind2=" " tag="490"><subfield code="a">Technical Reports Series,Nr.257</subfield></datafield><datafield ind1=" " ind2=" " tag="852"><subfield code="a">1.875</subfield></datafield></record></collection>